@article{erdos_renyi_1960,
  title   = {On the evolution of random graphs},
  author  = {Erd{\H{o}}s, Paul and R{\'e}nyi, Alfr{\'e}d and others},
  journal = {Publ. Math. Inst. Hung. Acad. Sci},
  volume  = {5},
  number  = {1},
  pages   = {17--60},
  year    = {1960}
}

@article{gilbert_1959,
  title     = {Random graphs},
  author    = {Gilbert, Edgar N},
  journal   = {The Annals of Mathematical Statistics},
  volume    = {30},
  number    = {4},
  pages     = {1141--1144},
  year      = {1959},
  publisher = {JSTOR}
}

@inproceedings{networkrepository,
  title     = {The Network Data Repository with Interactive Graph Analytics and Visualization},
  author    = {Ryan A. Rossi and Nesreen K. Ahmed},
  booktitle = {AAAI},
  url       = {https://networkrepository.com},
  year      = {2015}
}

@article{batagelj2005efficient,
  title     = {Efficient generation of large random networks},
  author    = {Batagelj, Vladimir and Brandes, Ulrik},
  journal   = {Physical Review E},
  volume    = {71},
  number    = {3},
  pages     = {036113},
  year      = {2005},
  publisher = {APS}
}

@article{DBLP:journals/toms/Hubschle-Schneider22,
  author  = {Lorenz H{\"{u}}bschle{-}Schneider and
             Peter Sanders},
  title   = {Parallel Weighted Random Sampling},
  journal = {{ACM} Trans. Math. Softw.},
  volume  = {48},
  number  = {3},
  pages   = {29:1--29:40},
  year    = {2022}
}

@article{DBLP:journals/rsa/KrivelevichS13,
  author       = {Michael Krivelevich and
                  Benny Sudakov},
  title        = {The phase transition in random graphs: {A} simple proof},
  journal      = {Random Struct. Algorithms},
  volume       = {43},
  number       = {2},
  pages        = {131--138},
  year         = {2013}
}